@article{ Modat10,
author = "M. Modat and Gerard G Ridgway and Zeike A Taylor and Manja Lehmann and Josephine Barnes and Nick C Fox and David J Hawkes and Sebastien Ourselin",
title = "Fast free-form deformation using graphics processing units",
journal = "Computer Methods and Programs in Biomedicine",
month = "June",
year = "2010"
}
@article{ Ourselin01,
author = "S. Ourselin and A Roche and G Subsol and X Pennec and N Ayache",
title = "Reconstructing a 3D structure from serial histological sections",
journal = "Image and Vision Computing",
month = "January",
year = "2001"
}
@article{ Fani14,
author = "F Fani and E Schena and P Saccomandi and S Silvestri",
title = "CT-based thermometry: An overview",
journal = "International Journal of Hyperthermia",
month = "June",
year = "2014"
}
@article{Li13,
author = "Li, Ming and Abi-Jaoudeh, Nadine and Kapoor, Ankur and Kadoury, Samuel and Xu, Sheng and Noordhoek, Niels and Radaelli , Alessandro and Carelsen, Bart and Wood, Bradford J.",
title = "Towards cone-beam CT thermometry",
journal = "Proc. SPIE 8671",
month = "March",
year = "2013",
}